@book{suzuki_and_varga_1998,
  title={Stochastic Variational Approach to Quantum-Mechanical Few-Body Problems},
  author={Suzuki, Y. and Varga, K.},
  number={т. 54},
  isbn={9783540651529},
  lccn={98044833},
  series={Lecture Notes in Physics Monographs},
  year={1998},
  publisher={Springer}
}

@book{sadhan_1998,
  title={Stochastic Variational Approach to Quantum-Mechanical Few-Body Problems},
  author={Sadhan K. Adhikari},
  isbn={0471181935},
  year={1998},
  publisher={Wiley-VCH}
}

@article{lagaris_et_al_1997,
  title = {Artificial neural network methods in quantum mechanics},
  journal = {Computer Physics Communications},
  volume = {104},
  number = {1},
  pages = {1-14},
  year = {1997},
  issn = {0010-4655},
  doi = {https://doi.org/10.1016/S0010-4655(97)00054-4},
  url = {https://www.sciencedirect.com/science/article/pii/S0010465597000544},
  author = {I.E. Lagaris and A. Likas and D.I. Fotiadis}
}

@article{nakanashi_and_sugwara_2000,
  title = {Numerical solution of the {S}chr{\"o}dinger equation by a microgenetic algorithm},
  journal = {Chemical Physics Letters},
  volume = {327},
  number = {5},
  pages = {429-438},
  year = {2000},
  issn = {0009-2614},
  doi = {https://doi.org/10.1016/S0009-2614(00)00913-1},
  url = {https://www.sciencedirect.com/science/article/pii/S0009261400009131},
  author = {H. Nakanishi and M. Sugawara}
}

@article{shirvany_et_al_2008,
  title = {Numerical solution of the nonlinear {S}chrodinger equation by feedforward neural networks},
  journal = {Communications in Nonlinear Science and Numerical Simulation},
  volume = {13},
  number = {10},
  pages = {2132-2145},
  year = {2008},
  issn = {1007-5704},
  doi = {https://doi.org/10.1016/j.cnsns.2007.04.024},
  url = {https://www.sciencedirect.com/science/article/pii/S1007570407001037},
  author = {Yazdan Shirvany and Mohsen Hayati and Rostam Moradian}
}

@article{mills_et_al_2017,
  title = {Deep learning and the {S}chr{\"o}dinger equation},
  author = {Mills, Kyle and Spanner, Michael and Tamblyn, Isaac},
  journal = {Phys. Rev. A},
  volume = {96},
  issue = {4},
  pages = {042113},
  numpages = {9},
  year = {2017},
  month = {Oct},
  publisher = {American Physical Society},
  doi = {10.1103/PhysRevA.96.042113},
  url = {https://link.aps.org/doi/10.1103/PhysRevA.96.042113}
}

@article{teng_2018,
  title = {Machine-learning quantum mechanics: {S}olving quantum mechanics problems using radial basis function networks},
  author = {Teng, Peiyuan},
  journal = {Phys. Rev. E},
  volume = {98},
  issue = {3},
  pages = {033305},
  numpages = {9},
  year = {2018},
  month = {Sep},
  publisher = {American Physical Society},
  doi = {10.1103/PhysRevE.98.033305},
  url = {https://link.aps.org/doi/10.1103/PhysRevE.98.033305}
}

@article{pfau_et_al_2020,
  title = {Ab initio solution of the many-electron {S}chr{\"o}dinger equation with deep neural networks},
  author = {Pfau, David and Spencer, James S. and Matthews, Alexander G. D. G. and Foulkes, W. M. C.},
  journal = {Phys. Rev. Res.},
  volume = {2},
  issue = {3},
  pages = {033429},
  numpages = {20},
  year = {2020},
  month = {Sep},
  publisher = {American Physical Society},
  doi = {10.1103/PhysRevResearch.2.033429},
  url = {https://link.aps.org/doi/10.1103/PhysRevResearch.2.033429}
}

@article{hermann_et_al_2020,
 author={Hermann, Jan and Sch{\"a}tzle, Zeno and No{\'e}, Frank},
  title={Deep-neural-network solution of the electronic {S}chr{\"o}dinger equation},
  journal={Nature Chemistry},
  year={2020},
  month={Oct},
  day={01},
  volume={12},
  number={10},
  pages={891-897},
  issn={1755-4349},
  doi={10.1038/s41557-020-0544-y},
  url={https://doi.org/10.1038/s41557-020-0544-y}
}

@article{li_et_al_2021,
  title = {Neural-network-based multistate solver for a static Schr\"odinger equation},
  author = {Li, Hong and Zhai, Qilong and Chen, Jeff Z. Y.},
  journal = {Phys. Rev. A},
  volume = {103},
  issue = {3},
  pages = {032405},
  numpages = {16},
  year = {2021},
  month = {Mar},
  publisher = {American Physical Society},
  doi = {10.1103/PhysRevA.103.032405},
  url = {https://link.aps.org/doi/10.1103/PhysRevA.103.032405}
}

@article{erdem_2022,
    title = {Выпускная квалификационная работа. Численное решение стационарного уравнения Шредингера с использованием искусственных нейронных сетей},
    author={Цыренов Эрдэм Цыденжапович},
    year={2022},
    journal={СПбГУ},
}

@misc{berg_2004,
    title={Introduction to Markov Chain Monte Carlo Simulations and their Statistical Analysis}, 
    author={Bernd A. Berg},
    year={2004},
    eprint={cond-mat/0410490},
    archivePrefix={arXiv},
    primaryClass={cond-mat.stat-mech}
}

@article{paszke_et_al_2017,
  title={Automatic differentiation in PyTorch},
  author={Paszke, Adam and Gross, Sam and Chintala, Soumith and Chanan, Gregory and Yang, Edward and DeVito, Zachary and Lin, Zeming and Desmaison, Alban and Antiga, Luca and Lerer, Adam},
  year={2017}
}

@misc{loshchilov_and_hutter_2019,
    title={Decoupled Weight Decay Regularization}, 
    author={Ilya Loshchilov and Frank Hutter},
    year={2019},
    eprint={1711.05101},
    archivePrefix={arXiv},
    primaryClass={cs.LG}
}

@misc{kingma_and_ba_2017,
    title={Adam: A Method for Stochastic Optimization}, 
    author={Diederik P. Kingma and Jimmy Ba},
    year={2017},
    eprint={1412.6980},
    archivePrefix={arXiv},
    primaryClass={cs.LG}
}

@book{landau_and_lifshitz_1986,
    title = {Том 3. Квантовая механика. Нерелятивистская теория},
    series = {Теоретическая физика в десяти томах},
    author={Ландау Л.Д., Лифшиц Е.М.},
    year={1986},
    publisher = {М.: Наука. Гл. ред. физ-мат. лит., 4-е изд., испр.},
    isbn = {5-02-014421-5},
}

@misc{weisstein,
    author = {Weisstein, Eric W.},
    title = {Hermite Polynomial. {From MathWorld---A Wolfram Web Resource}},
    note = {\url{https://mathworld.wolfram.com/HermitePolynomial.html}}
}

@article{akiba_et_al_2019,
  title={Optuna: A Next-generation Hyperparameter Optimization Framework}, 
  author={Takuya Akiba and Shotaro Sano and Toshihiko Yanase and Takeru Ohta and Masanori Koyama},
  year={2019},
  eprint={1907.10902},
  archivePrefix={arXiv},
  primaryClass={cs.LG}
}

@article{rock_et_al_2022,
    doi = {10.1371/journal.pone.0262489},
    author = {Tomas, Rock Christian AND Sayat, Anthony Jay AND Atienza, Andrea Nicole AND Danganan, Jannah Lianne AND Ramos, Ma. Rollene AND Fellizar, Allan AND Notarte, Kin Israel AND Angeles, Lara Mae AND Bangaoil, Ruth AND Santillan, Abegail AND Albano, Pia Marie},
    journal = {PLOS ONE},
    publisher = {Public Library of Science},
    title = {Detection of breast cancer by ATR-FTIR spectroscopy using artificial neural networks},
    year = {2022},
    month = {01},
    volume = {17},
    url = {https://doi.org/10.1371/journal.pone.0262489},
    pages = {1-24},
    number = {1},
}

@article{zane_et_al_2022,
    author = {Martin, Zane K. and Barnes, Elizabeth A. and Maloney, Eric},
    title = {Using Simple, Explainable Neural Networks to Predict the Madden-Julian Oscillation},
    journal = {Journal of Advances in Modeling Earth Systems},
    volume = {14},
    number = {5},
    pages = {e2021MS002774},
    keywords = {Madden-Julian oscillation, subseasonal-to-seasonal prediction, artificial neural network, explainable artificial intelligence, statistical modeling, tropical meteorology},
    doi = {https://doi.org/10.1029/2021MS002774},
    url = {https://agupubs.onlinelibrary.wiley.com/doi/abs/10.1029/2021MS002774},
    eprint = {https://agupubs.onlinelibrary.wiley.com/doi/pdf/10.1029/2021MS002774},
    note = {e2021MS002774 2021MS002774},
    year = {2022}
}

@article{hornik_et_al_1989,
    title = {Multilayer feedforward networks are universal approximators},
    journal = {Neural Networks},
    volume = {2},
    number = {5},
    pages = {359-366},
    year = {1989},
    issn = {0893-6080},
    doi = {https://doi.org/10.1016/0893-6080(89)90020-8},
    url = {https://www.sciencedirect.com/science/article/pii/0893608089900208},
    author = {Kurt Hornik and Maxwell Stinchcombe and Halbert White}
}

@misc{raissi_et_al_2017,
    title={Physics Informed Deep Learning (Part I): Data-driven Solutions of Nonlinear Partial Differential Equations}, 
    author={Maziar Raissi and Paris Perdikaris and George Em Karniadakis},
    year={2017},
    eprint={1711.10561},
    archivePrefix={arXiv},
    primaryClass={cs.AI}
}